<?xml version="1.0" encoding="UTF-8"?>
<!DOCTYPE html PUBLIC "-//W3C//DTD XHTML 1.0 Transitional//EN"
    "http://www.w3.org/TR/xhtml1/DTD/xhtml1-transitional.dtd">
<html xmlns="http://www.w3.org/1999/xhtml" xml:lang="en" lang="en">
 <head>
  <title>
</title>
<meta http-equiv="Content-Type" content="text/html;charset=utf-8" />
  <meta name='ocr-system' content='tesseract 3.04.00' />
  <meta name='ocr-capabilities' content='ocr_page ocr_carea ocr_par ocr_line ocrx_word'/>
</head>
<body>
  <div class='ocr_page' id='page_1' title='image "./fungitridentini01bresgoog_0035.png"; bbox 0 0 3084 4748; ppageno 0'>
   <div class='ocr_carea' id='block_1_1' title="bbox 634 305 814 384">
    <p class='ocr_par' dir='ltr' id='par_1_1' title="bbox 634 305 814 384">
     <span class='ocr_line' id='line_1_1' title="bbox 634 305 814 384; baseline -0.011 -34"><span class='ocrx_word' id='word_1_1' title='bbox 634 305 814 384; x_wconf 74' lang='lat'>.·..31...¹</span> 
     </span>
    </p>
   </div>
   <div class='ocr_carea' id='block_1_2' title="bbox 113 460 1333 3346">
    <p class='ocr_par' dir='ltr' id='par_1_2' title="bbox 113 460 1333 1599">
     <span class='ocr_line' id='line_1_2' title="bbox 141 460 1305 560; baseline -0.001 -24"><span class='ocrx_word' id='word_1_2' title='bbox 141 464 227 559; x_wconf 91' lang='lat' dir='ltr'>pico,</span> <span class='ocrx_word' id='word_1_3' title='bbox 252 462 310 560; x_wconf 90' lang='lat' dir='ltr'>(V.</span> <span class='ocrx_word' id='word_1_4' title='bbox 334 463 422 538; x_wconf 84' lang='lat' dir='ltr'>icon.</span> <span class='ocrx_word' id='word_1_5' title='bbox 439 467 501 538; x_wconf 89' lang='lat' dir='ltr'>tab.</span> <span class='ocrx_word' id='word_1_6' title='bbox 520 468 599 536; x_wconf 84' lang='lat' dir='ltr'>62f.</span> <span class='ocrx_word' id='word_1_7' title='bbox 621 469 655 559; x_wconf 94' lang='lat'>1)</span> <span class='ocrx_word' id='word_1_8' title='bbox 679 491 820 557; x_wconf 91' lang='lat' dir='ltr'>quocum</span> <span class='ocrx_word' id='word_1_9' title='bbox 845 468 962 557; x_wconf 89' lang='lat' dir='ltr'>pluries</span> <span class='ocrx_word' id='word_1_10' title='bbox 987 464 1181 556; x_wconf 89' lang='lat' dir='ltr'>comparavi,</span> <span class='ocrx_word' id='word_1_11' title='bbox 1197 460 1305 536; x_wconf 85' lang='lat' dir='ltr'>colore</span> 
     </span>
     <span class='ocr_line' id='line_1_3' title="bbox 140 582 1305 674; baseline -0.001 -22"><span class='ocrx_word' id='word_1_12' title='bbox 140 585 329 653; x_wconf 88' lang='lat' dir='ltr'>obscuriore</span> <span class='ocrx_word' id='word_1_13' title='bbox 361 584 445 652; x_wconf 91' lang='lat' dir='ltr'>haud</span> <span class='ocrx_word' id='word_1_14' title='bbox 475 585 662 674; x_wconf 84' lang='lat' dir='ltr'>expallente,</span> <span class='ocrx_word' id='word_1_15' title='bbox 691 584 775 672; x_wconf 90' lang='lat' dir='ltr'>pileo</span> <span class='ocrx_word' id='word_1_16' title='bbox 805 606 972 672; x_wconf 90' lang='lat' dir='ltr'>nunquam</span> <span class='ocrx_word' id='word_1_17' title='bbox 999 582 1305 670; x_wconf 69' lang='lat' dir='ltr'>librillosouitgam,</span> 
     </span>
     <span class='ocr_line' id='line_1_4' title="bbox 113 683 1333 794; baseline -0.002 -26"><span class='ocrx_word' id='word_1_18' title='bbox 113 763 119 768; x_wconf 88' lang='lat'>.</span> <span class='ocrx_word' id='word_1_19' title='bbox 141 702 249 789; x_wconf 93' lang='lat' dir='ltr'>stipite</span> <span class='ocrx_word' id='word_1_20' title='bbox 273 700 449 768; x_wconf 88' lang='lat' dir='ltr'>substantia</span> <span class='ocrx_word' id='word_1_21' title='bbox 472 699 603 768; x_wconf 88' lang='lat' dir='ltr'>definite</span> <span class='ocrx_word' id='word_1_22' title='bbox 626 700 934 794; x_wconf 82' lang='lat' dir='ltr'>fibroso-spongiosa</span> <span class='ocrx_word' id='word_1_23' title='bbox 963 699 1118 788; x_wconf 80' lang='lat' dir='ltr'>praedite,</span> <span class='ocrx_word' id='word_1_24' title='bbox 1142 699 1305 768; x_wconf 85' lang='lat' dir='ltr'>crescendi</span> <span class='ocrx_word' id='word_1_25' title='bbox 1329 683 1333 691; x_wconf 43' lang='lat'>¹</span> 
     </span>
     <span class='ocr_line' id='line_1_5' title="bbox 141 816 1307 904; baseline 0 -20"><span class='ocrx_word' id='word_1_26' title='bbox 141 816 253 900; x_wconf 89' lang='lat' dir='ltr'>modo,</span> <span class='ocrx_word' id='word_1_27' title='bbox 277 835 308 884; x_wconf 94' lang='lat' dir='ltr'>et</span> <span class='ocrx_word' id='word_1_28' title='bbox 324 818 426 904; x_wconf 90' lang='lat' dir='ltr'>sporis</span> <span class='ocrx_word' id='word_1_29' title='bbox 450 817 607 884; x_wconf 88' lang='lat' dir='ltr'>distincta.</span> <span class='ocrx_word' id='word_1_30' title='bbox 624 817 730 885; x_wconf 88' lang='lat' dir='ltr'>Notae</span> <span class='ocrx_word' id='word_1_31' title='bbox 753 816 849 883; x_wconf 88' lang='lat' dir='ltr'>haece</span> <span class='ocrx_word' id='word_1_32' title='bbox 872 816 910 883; x_wconf 87' lang='lat' dir='ltr'>ad</span> <span class='ocrx_word' id='word_1_33' title='bbox 935 838 1052 884; x_wconf 90' lang='lat' dir='ltr'>novam</span> <span class='ocrx_word' id='word_1_34' title='bbox 1075 818 1213 904; x_wconf 83' lang='lat' dir='ltr'>speciem</span> <span class='ocrx_word' id='word_1_35' title='bbox 1230 841 1307 885; x_wconf 90' lang='lat' dir='ltr'>con-</span> 
     </span>
     <span class='ocr_line' id='line_1_6' title="bbox 142 930 1308 1022; baseline 0.003 -23"><span class='ocrx_word' id='word_1_36' title='bbox 142 930 284 999; x_wconf 89' lang='lat' dir='ltr'>dendam</span> <span class='ocrx_word' id='word_1_37' title='bbox 308 933 404 998; x_wconf 88' lang='lat' dir='ltr'>etiam</span> <span class='ocrx_word' id='word_1_38' title='bbox 428 932 507 998; x_wconf 82' lang='lat' dir='ltr'>milri</span> <span class='ocrx_word' id='word_1_39' title='bbox 536 930 662 998; x_wconf 78' lang='lat' dir='ltr'>abunde</span> <span class='ocrx_word' id='word_1_40' title='bbox 692 931 875 1000; x_wconf 88' lang='lat' dir='ltr'>sufficerent</span> <span class='ocrx_word' id='word_1_41' title='bbox 884 957 893 1014; x_wconf 84' lang='lat'>3</span> <span class='ocrx_word' id='word_1_42' title='bbox 925 932 980 999; x_wconf 91' lang='lat' dir='ltr'>sed</span> <span class='ocrx_word' id='word_1_43' title='bbox 1008 934 1042 999; x_wconf 93' lang='lat' dir='ltr'>in</span> <span class='ocrx_word' id='word_1_44' title='bbox 1070 930 1173 999; x_wconf 89' lang='lat' dir='ltr'>forma</span> <span class='ocrx_word' id='word_1_45' title='bbox 1202 937 1308 1022; x_wconf 90' lang='lat' dir='ltr'>typica</span> 
     </span>
     <span class='ocr_line' id='line_1_7' title="bbox 143 1048 1307 1141; baseline 0.003 -27"><span class='ocrx_word' id='word_1_46' title='bbox 143 1070 274 1136; x_wconf 92' lang='lat' dir='ltr'>quoque</span> <span class='ocrx_word' id='word_1_47' title='bbox 309 1049 412 1135; x_wconf 92' lang='lat' dir='ltr'>sporis</span> <span class='ocrx_word' id='word_1_48' title='bbox 447 1048 804 1130; x_wconf 83' lang='lat' dir='ltr'>fusoideo-ventricosis‚</span> <span class='ocrx_word' id='word_1_49' title='bbox 833 1051 958 1141; x_wconf 85' lang='lat' dir='ltr'>(exacte</span> <span class='ocrx_word' id='word_1_50' title='bbox 993 1068 1029 1115; x_wconf 94' lang='lat' dir='ltr'>ut</span> <span class='ocrx_word' id='word_1_51' title='bbox 1064 1050 1097 1116; x_wconf 94' lang='lat' dir='ltr'>in</span> <span class='ocrx_word' id='word_1_52' title='bbox 1132 1050 1307 1117; x_wconf 89' lang='lat' dir='ltr'>Marasmio</span> 
     </span>
     <span class='ocr_line' id='line_1_8' title="bbox 143 1162 1307 1256; baseline 0.003 -27"><span class='ocrx_word' id='word_1_53' title='bbox 143 1162 287 1230; x_wconf 91' lang='lat' dir='ltr'>chordali</span> <span class='ocrx_word' id='word_1_54' title='bbox 311 1164 360 1230; x_wconf 85' lang='lat' dir='ltr'>Fr.</span> <span class='ocrx_word' id='word_1_55' title='bbox 385 1163 459 1233; x_wconf 91' lang='lat' dir='ltr'>Vid.</span> <span class='ocrx_word' id='word_1_56' title='bbox 484 1165 545 1233; x_wconf 89' lang='lat' dir='ltr'>tab.</span> <span class='ocrx_word' id='word_1_57' title='bbox 571 1191 602 1233; x_wconf 97' lang='lat' dir='ltr'>n.</span> <span class='ocrx_word' id='word_1_58' title='bbox 627 1167 703 1233; x_wconf 92' lang='lat' dir='ltr'>XLI</span> <span class='ocrx_word' id='word_1_59' title='bbox 731 1165 750 1233; x_wconf 88' lang='lat' dir='ltr'>f.</span> <span class='ocrx_word' id='word_1_60' title='bbox 780 1166 814 1256; x_wconf 91' lang='lat'>1)</span> <span class='ocrx_word' id='word_1_61' title='bbox 843 1164 960 1254; x_wconf 90' lang='lat' dir='ltr'>quibus</span> <span class='ocrx_word' id='word_1_62' title='bbox 991 1183 1147 1232; x_wconf 91' lang='lat' dir='ltr'>consueto</span> <span class='ocrx_word' id='word_1_63' title='bbox 1176 1164 1307 1251; x_wconf 87' lang='lat' dir='ltr'>gaudet,</span> 
     </span>
     <span class='ocr_line' id='line_1_9' title="bbox 144 1279 1308 1368; baseline 0.002 -23"><span class='ocrx_word' id='word_1_64' title='bbox 144 1303 256 1368; x_wconf 92' lang='lat' dir='ltr'>sporas</span> <span class='ocrx_word' id='word_1_65' title='bbox 280 1279 439 1347; x_wconf 89' lang='lat' dir='ltr'>interdum</span> <span class='ocrx_word' id='word_1_66' title='bbox 457 1281 667 1367; x_wconf 82' lang='lat' dir='ltr'>triangulares</span> <span class='ocrx_word' id='word_1_67' title='bbox 683 1282 873 1348; x_wconf 85' lang='lat' dir='ltr'>commixtas</span> <span class='ocrx_word' id='word_1_68' title='bbox 890 1281 965 1362; x_wconf 89' lang='lat' dir='ltr'>vidi,</span> <span class='ocrx_word' id='word_1_69' title='bbox 986 1304 1094 1368; x_wconf 89' lang='lat' dir='ltr'>quare,</span> <span class='ocrx_word' id='word_1_70' title='bbox 1112 1305 1152 1347; x_wconf 95' lang='lat' dir='ltr'>ne</span> <span class='ocrx_word' id='word_1_71' title='bbox 1168 1284 1308 1368; x_wconf 88' lang='lat' dir='ltr'>speciem</span> 
     </span>
     <span class='ocr_line' id='line_1_10' title="bbox 145 1394 1308 1486; baseline 0.004 -26"><span class='ocrx_word' id='word_1_72' title='bbox 145 1397 255 1463; x_wconf 88' lang='lat' dir='ltr'>minus</span> <span class='ocrx_word' id='word_1_73' title='bbox 279 1394 396 1462; x_wconf 89' lang='lat' dir='ltr'>bonam</span> <span class='ocrx_word' id='word_1_74' title='bbox 427 1419 652 1484; x_wconf 84' lang='lat' dir='ltr'>proponerem,</span> <span class='ocrx_word' id='word_1_75' title='bbox 677 1420 734 1464; x_wconf 91' lang='lat' dir='ltr'>ceu</span> <span class='ocrx_word' id='word_1_76' title='bbox 764 1397 965 1486; x_wconf 86' lang='lat' dir='ltr'>subspecient</span> <span class='ocrx_word' id='word_1_77' title='bbox 988 1398 1067 1484; x_wconf 85' lang='lat' dir='ltr'>Ag.⁰</span> <span class='ocrx_word' id='word_1_78' title='bbox 1098 1397 1234 1465; x_wconf 86' lang='lat' dir='ltr'>semitali</span> <span class='ocrx_word' id='word_1_79' title='bbox 1257 1398 1308 1466; x_wconf 86' lang='lat' dir='ltr'>Fr.</span> 
     </span>
     <span class='ocr_line' id='line_1_11' title="bbox 144 1511 321 1599; baseline 0 -21"><span class='ocrx_word' id='word_1_80' title='bbox 144 1511 321 1599; x_wconf 79' lang='lat' dir='ltr'>subjungo,</span> 
     </span>
    </p>

    <p class='ocr_par' dir='ltr' id='par_1_3' title="bbox 144 1629 1314 2764">
     <span class='ocr_line' id='line_1_12' title="bbox 235 1629 1308 1718; baseline 0.001 -23"><span class='ocrx_word' id='word_1_81' title='bbox 235 1629 260 1695; x_wconf 89' lang='lat' dir='ltr'><strong>E</strong></span> <span class='ocrx_word' id='word_1_82' title='bbox 288 1630 386 1717; x_wconf 88' lang='lat' dir='ltr'>stirpe</span> <span class='ocrx_word' id='word_1_83' title='bbox 408 1630 537 1716; x_wconf 84' lang='lat' dir='ltr'>Agarici</span> <span class='ocrx_word' id='word_1_84' title='bbox 561 1629 712 1696; x_wconf 89' lang='lat' dir='ltr'>semitalis</span> <span class='ocrx_word' id='word_1_85' title='bbox 740 1630 790 1697; x_wconf 89' lang='lat' dir='ltr'>Fr.</span> <span class='ocrx_word' id='word_1_86' title='bbox 819 1633 955 1718; x_wconf 88' lang='lat' dir='ltr'>insuper</span> <span class='ocrx_word' id='word_1_87' title='bbox 973 1629 1050 1696; x_wconf 89' lang='lat' dir='ltr'>aliae</span> <span class='ocrx_word' id='word_1_88' title='bbox 1074 1630 1154 1697; x_wconf 84' lang='lat' dir='ltr'>duae</span> <span class='ocrx_word' id='word_1_89' title='bbox 1183 1629 1308 1696; x_wconf 87' lang='lat' dir='ltr'>formae</span> 
     </span>
     <span class='ocr_line' id='line_1_13' title="bbox 144 1743 1310 1834; baseline 0 -22"><span class='ocrx_word' id='word_1_90' title='bbox 144 1744 226 1812; x_wconf 84' lang='lat' dir='ltr'>mihi</span> <span class='ocrx_word' id='word_1_91' title='bbox 249 1743 433 1833; x_wconf 89' lang='lat' dir='ltr'>frequenter</span> <span class='ocrx_word' id='word_1_92' title='bbox 447 1745 570 1828; x_wconf 90' lang='lat' dir='ltr'>obviae,</span> <span class='ocrx_word' id='word_1_93' title='bbox 588 1769 670 1834; x_wconf 90' lang='lat' dir='ltr'>quae</span> <span class='ocrx_word' id='word_1_94' title='bbox 688 1748 773 1814; x_wconf 91' lang='lat' dir='ltr'>notis</span> <span class='ocrx_word' id='word_1_95' title='bbox 789 1749 975 1833; x_wconf 83' lang='lat' dir='ltr'>vegetativis</span> <span class='ocrx_word' id='word_1_96' title='bbox 993 1748 1094 1833; x_wconf 86' lang='lat' dir='ltr'>magis</span> <span class='ocrx_word' id='word_1_97' title='bbox 1112 1769 1186 1813; x_wconf 90' lang='lat' dir='ltr'>cum</span> <span class='ocrx_word' id='word_1_98' title='bbox 1204 1745 1310 1813; x_wconf 82' lang='lat' dir='ltr'>forma</span> 
     </span>
     <span class='ocr_line' id='line_1_14' title="bbox 144 1862 1304 1961; baseline 0.001 -33"><span class='ocrx_word' id='word_1_99' title='bbox 144 1864 251 1950; x_wconf 90' lang='lat' dir='ltr'>typica</span> <span class='ocrx_word' id='word_1_100' title='bbox 274 1863 527 1949; x_wconf 86' lang='lat' dir='ltr'>conjunguntur,</span> <span class='ocrx_word' id='word_1_101' title='bbox 552 1863 607 1930; x_wconf 87' lang='lat' dir='ltr'>sed</span> <span class='ocrx_word' id='word_1_102' title='bbox 637 1865 741 1951; x_wconf 89' lang='lat' dir='ltr'>sporis</span> <span class='ocrx_word' id='word_1_103' title='bbox 769 1882 952 1961; x_wconf 83' lang='lat' dir='ltr'>constanter</span> <span class='ocrx_word' id='word_1_104' title='bbox 980 1862 1147 1946; x_wconf 84' lang='lat' dir='ltr'>differunt3</span> <span class='ocrx_word' id='word_1_105' title='bbox 1173 1886 1304 1951; x_wconf 88' lang='lat' dir='ltr'>nempe:</span> 
     </span>
     <span class='ocr_line' id='line_1_15' title="bbox 149 1976 1311 2068; baseline 0.003 -25"><span class='ocrx_word' id='word_1_106' title='bbox 149 1999 176 2046; x_wconf 91' lang='lat'>1.</span> <span class='ocrx_word' id='word_1_107' title='bbox 202 1976 304 2044; x_wconf 86' lang='lat' dir='ltr'>forma</span> <span class='ocrx_word' id='word_1_108' title='bbox 331 1982 435 2066; x_wconf 90' lang='lat' dir='ltr'>sporis</span> <span class='ocrx_word' id='word_1_109' title='bbox 469 1978 624 2066; x_wconf 81' lang='lat' dir='ltr'>globosis,</span> <span class='ocrx_word' id='word_1_110' title='bbox 657 1978 790 2045; x_wconf 88' lang='lat' dir='ltr'>lamellis</span> <span class='ocrx_word' id='word_1_111' title='bbox 820 1981 942 2068; x_wconf 90' lang='lat' dir='ltr'>postice</span> <span class='ocrx_word' id='word_1_112' title='bbox 974 1981 1080 2046; x_wconf 89' lang='lat' dir='ltr'>minus</span> <span class='ocrx_word' id='word_1_113' title='bbox 1113 1977 1311 2046; x_wconf 81' lang='lat' dir='ltr'>variantibus</span> 
     </span>
     <span class='ocr_line' id='line_1_16' title="bbox 148 2093 1313 2185; baseline 0.002 -27"><span class='ocrx_word' id='word_1_114' title='bbox 148 2094 211 2184; x_wconf 77' lang='lat' dir='ltr'>(z</span> <span class='ocrx_word' id='word_1_115' title='bbox 233 2094 445 2162; x_wconf 79' lang='lat' dir='ltr'>Triclaoloma</span> <span class='ocrx_word' id='word_1_116' title='bbox 467 2095 673 2162; x_wconf 92' lang='lat' dir='ltr'>immundum</span> <span class='ocrx_word' id='word_1_117' title='bbox 705 2094 837 2185; x_wconf 79' lang='lat' dir='ltr'>berk.?)</span> <span class='ocrx_word' id='word_1_118' title='bbox 865 2118 945 2183; x_wconf 90' lang='lat' dir='ltr'>quae</span> <span class='ocrx_word' id='word_1_119' title='bbox 973 2096 1081 2182; x_wconf 92' lang='lat' dir='ltr'>potius</span> <span class='ocrx_word' id='word_1_120' title='bbox 1105 2093 1142 2161; x_wconf 89' lang='lat' dir='ltr'>ad</span> <span class='ocrx_word' id='word_1_121' title='bbox 1174 2093 1313 2161; x_wconf 90' lang='lat' dir='ltr'>Tricho-</span> 
     </span>
     <span class='ocr_line' id='line_1_17' title="bbox 147 2209 1312 2299; baseline 0 -22"><span class='ocrx_word' id='word_1_122' title='bbox 147 2211 267 2297; x_wconf 73' lang='lat' dir='ltr'>lomata</span> <span class='ocrx_word' id='word_1_123' title='bbox 290 2211 424 2294; x_wconf 84' lang='lat' dir='ltr'>accedit3</span> <span class='ocrx_word' id='word_1_124' title='bbox 448 2230 480 2279; x_wconf 91' lang='lat' dir='ltr'>et</span> <span class='ocrx_word' id='word_1_125' title='bbox 504 2234 533 2279; x_wconf 90' lang='lat'>2.</span> <span class='ocrx_word' id='word_1_126' title='bbox 558 2210 660 2278; x_wconf 82' lang='lat' dir='ltr'>forma</span> <span class='ocrx_word' id='word_1_127' title='bbox 683 2213 785 2299; x_wconf 89' lang='lat' dir='ltr'>sporis</span> <span class='ocrx_word' id='word_1_128' title='bbox 809 2209 1080 2298; x_wconf 86' lang='lat' dir='ltr'>ovato-oblongis,</span> <span class='ocrx_word' id='word_1_129' title='bbox 1105 2210 1204 2278; x_wconf 87' lang='lat' dir='ltr'>odore</span> <span class='ocrx_word' id='word_1_130' title='bbox 1237 2209 1312 2278; x_wconf 86' lang='lat' dir='ltr'>forti</span> 
     </span>
     <span class='ocr_line' id='line_1_18' title="bbox 149 2326 1312 2416; baseline 0.002 -24"><span class='ocrx_word' id='word_1_131' title='bbox 149 2326 290 2409; x_wconf 88' lang='lat' dir='ltr'>rancido,</span> <span class='ocrx_word' id='word_1_132' title='bbox 313 2329 420 2415; x_wconf 90' lang='lat' dir='ltr'>stipite</span> <span class='ocrx_word' id='word_1_133' title='bbox 444 2326 720 2413; x_wconf 87' lang='lat' dir='ltr'>subcartilagineo,</span> <span class='ocrx_word' id='word_1_134' title='bbox 748 2350 829 2416; x_wconf 87' lang='lat' dir='ltr'>quae</span> <span class='ocrx_word' id='word_1_135' title='bbox 854 2328 954 2413; x_wconf 89' lang='lat' dir='ltr'>magis</span> <span class='ocrx_word' id='word_1_136' title='bbox 979 2326 1136 2415; x_wconf 88' lang='lat' dir='ltr'>Collybiis</span> <span class='ocrx_word' id='word_1_137' title='bbox 1164 2330 1312 2415; x_wconf 84' lang='lat' dir='ltr'>proxima</span> 
     </span>
     <span class='ocr_line' id='line_1_19' title="bbox 151 2441 1314 2532; baseline 0.002 -23"><span class='ocrx_word' id='word_1_138' title='bbox 151 2441 288 2511; x_wconf 93' lang='lat' dir='ltr'>videtur.</span> <span class='ocrx_word' id='word_1_139' title='bbox 320 2445 444 2510; x_wconf 90' lang='lat' dir='ltr'>Harum</span> <span class='ocrx_word' id='word_1_140' title='bbox 477 2445 595 2526; x_wconf 86' lang='lat' dir='ltr'>icones,</span> <span class='ocrx_word' id='word_1_141' title='bbox 625 2466 705 2532; x_wconf 89' lang='lat' dir='ltr'>quae</span> <span class='ocrx_word' id='word_1_142' title='bbox 743 2466 802 2532; x_wconf 91' lang='lat' dir='ltr'>pro</span> <span class='ocrx_word' id='word_1_143' title='bbox 831 2442 903 2510; x_wconf 83' lang='lat' dir='ltr'>fasc.</span> <span class='ocrx_word' id='word_1_144' title='bbox 932 2444 978 2510; x_wconf 89' lang='grc' dir='ltr'>ΙΙΙ</span> <span class='ocrx_word' id='word_1_145' title='bbox 1012 2441 1159 2511; x_wconf 91' lang='lat' dir='ltr'>nondum</span> <span class='ocrx_word' id='word_1_146' title='bbox 1190 2462 1314 2532; x_wconf 88' lang='lat' dir='ltr'>paratae</span> 
     </span>
     <span class='ocr_line' id='line_1_20' title="bbox 151 2558 1313 2649; baseline 0.001 -23"><span class='ocrx_word' id='word_1_147' title='bbox 151 2578 252 2643; x_wconf 89' lang='lat' dir='ltr'>erant,</span> <span class='ocrx_word' id='word_1_148' title='bbox 276 2584 351 2627; x_wconf 89' lang='lat' dir='ltr'>cum</span> <span class='ocrx_word' id='word_1_149' title='bbox 375 2560 468 2648; x_wconf 90' lang='lat' dir='ltr'>plena</span> <span class='ocrx_word' id='word_1_150' title='bbox 490 2561 714 2649; x_wconf 87' lang='lat' dir='ltr'>descriptione,</span> <span class='ocrx_word' id='word_1_151' title='bbox 739 2579 774 2627; x_wconf 93' lang='lat' dir='ltr'>ut</span> <span class='ocrx_word' id='word_1_152' title='bbox 802 2562 979 2648; x_wconf 89' lang='lat' dir='ltr'>comparari</span> <span class='ocrx_word' id='word_1_153' title='bbox 1009 2562 1142 2647; x_wconf 88' lang='lat' dir='ltr'>possint,</span> <span class='ocrx_word' id='word_1_154' title='bbox 1166 2578 1199 2626; x_wconf 94' lang='lat' dir='ltr'>et</span> <span class='ocrx_word' id='word_1_155' title='bbox 1228 2558 1313 2627; x_wconf 90' lang='lat' dir='ltr'>diffe-</span> 
     </span>
     <span class='ocr_line' id='line_1_21' title="bbox 154 2676 824 2764; baseline 0.004 -22"><span class='ocrx_word' id='word_1_156' title='bbox 154 2677 274 2743; x_wconf 90' lang='lat' dir='ltr'>rentiae</span> <span class='ocrx_word' id='word_1_157' title='bbox 298 2696 461 2759; x_wconf 87' lang='lat' dir='ltr'>eruantur,</span> <span class='ocrx_word' id='word_1_158' title='bbox 484 2679 518 2744; x_wconf 93' lang='lat' dir='ltr'>in</span> <span class='ocrx_word' id='word_1_159' title='bbox 541 2695 707 2764; x_wconf 89' lang='lat' dir='ltr'>posterum</span> <span class='ocrx_word' id='word_1_160' title='bbox 732 2676 824 2746; x_wconf 84' lang='lat' dir='ltr'>dabo</span> 
     </span>
    </p>

    <p class='ocr_par' dir='ltr' id='par_1_4' title="bbox 152 2790 1317 3346">
     <span class='ocr_line' id='line_1_22' title="bbox 242 2790 1317 2881; baseline -0.002 -21"><span class='ocrx_word' id='word_1_161' title='bbox 242 2792 369 2860; x_wconf 86' lang='lat' dir='ltr'>Omnes</span> <span class='ocrx_word' id='word_1_162' title='bbox 398 2793 456 2861; x_wconf 88' lang='lat' dir='ltr'>hae</span> <span class='ocrx_word' id='word_1_163' title='bbox 484 2792 604 2859; x_wconf 82' lang='lat' dir='ltr'>formae</span> <span class='ocrx_word' id='word_1_164' title='bbox 633 2792 838 2881; x_wconf 87' lang='lat' dir='ltr'>probabiliter</span> <span class='ocrx_word' id='word_1_165' title='bbox 866 2792 904 2859; x_wconf 88' lang='lat' dir='ltr'>ab</span> <span class='ocrx_word' id='word_1_166' title='bbox 933 2792 976 2859; x_wconf 90' lang='lat' dir='ltr'>ill.</span> <span class='ocrx_word' id='word_1_167' title='bbox 1010 2793 1108 2873; x_wconf 89' lang='lat' dir='ltr'>Fries,</span> <span class='ocrx_word' id='word_1_168' title='bbox 1137 2790 1317 2859; x_wconf 84' lang='lat' dir='ltr'>charactere</span> 
     </span>
     <span class='ocr_line' id='line_1_23' title="bbox 154 2905 1317 2994; baseline 0 -21"><span class='ocrx_word' id='word_1_169' title='bbox 154 2905 353 2974; x_wconf 82' lang='lat' dir='ltr'>lantellarum</span> <span class='ocrx_word' id='word_1_170' title='bbox 377 2908 607 2975; x_wconf 85' lang='lat' dir='ltr'>maculatatum</span> <span class='ocrx_word' id='word_1_171' title='bbox 631 2927 756 2975; x_wconf 88' lang='lat' dir='ltr'>tantum</span> <span class='ocrx_word' id='word_1_172' title='bbox 773 2927 905 2990; x_wconf 89' lang='lat' dir='ltr'>attento,</span> <span class='ocrx_word' id='word_1_173' title='bbox 929 2907 988 2975; x_wconf 91' lang='lat' dir='ltr'>sub</span> <span class='ocrx_word' id='word_1_174' title='bbox 1012 2931 1071 2973; x_wconf 93' lang='lat' dir='ltr'>suo</span> <span class='ocrx_word' id='word_1_175' title='bbox 1095 2908 1157 2994; x_wconf 87' lang='lat' dir='ltr'>Ag.</span> <span class='ocrx_word' id='word_1_176' title='bbox 1180 2908 1317 2974; x_wconf 90' lang='lat' dir='ltr'>semitali</span> 
     </span>
     <span class='ocr_line' id='line_1_24' title="bbox 155 3019 1314 3112; baseline -0.003 -22"><span class='ocrx_word' id='word_1_177' title='bbox 155 3023 406 3112; x_wconf 86' lang='lat' dir='ltr'>comprehensae</span> <span class='ocrx_word' id='word_1_178' title='bbox 429 3023 531 3107; x_wconf 83' lang='lat' dir='ltr'>fuere3</span> <span class='ocrx_word' id='word_1_179' title='bbox 548 3041 579 3090; x_wconf 88' lang='lat' dir='ltr'>at</span> <span class='ocrx_word' id='word_1_180' title='bbox 603 3023 683 3090; x_wconf 90' lang='lat' dir='ltr'>mihi</span> <span class='ocrx_word' id='word_1_181' title='bbox 706 3027 808 3112; x_wconf 84' lang='lat' dir='ltr'>tnagis</span> <span class='ocrx_word' id='word_1_182' title='bbox 831 3026 914 3090; x_wconf 89' lang='lat' dir='ltr'>inter</span> <span class='ocrx_word' id='word_1_183' title='bbox 937 3045 970 3089; x_wconf 91' lang='lat' dir='ltr'>se</span> <span class='ocrx_word' id='word_1_184' title='bbox 987 3019 1131 3109; x_wconf 85' lang='lat' dir='ltr'>specifice</span> <span class='ocrx_word' id='word_1_185' title='bbox 1147 3020 1314 3088; x_wconf 86' lang='lat' dir='ltr'>distinctae</span> 
     </span>
     <span class='ocr_line' id='line_1_25' title="bbox 152 3136 1317 3231; baseline -0.003 -25"><span class='ocrx_word' id='word_1_186' title='bbox 152 3141 307 3208; x_wconf 84' lang='lat' dir='ltr'>videntur</span> <span class='ocrx_word' id='word_1_187' title='bbox 329 3165 426 3231; x_wconf 89' lang='lat' dir='ltr'>quam</span> <span class='ocrx_word' id='word_1_188' title='bbox 444 3142 563 3230; x_wconf 88' lang='lat' dir='ltr'>species</span> <span class='ocrx_word' id='word_1_189' title='bbox 579 3141 752 3209; x_wconf 86' lang='lat' dir='ltr'>nonnullae</span> <span class='ocrx_word' id='word_1_190' title='bbox 769 3143 864 3208; x_wconf 89' lang='lat' dir='ltr'>etiam</span> <span class='ocrx_word' id='word_1_191' title='bbox 888 3137 925 3205; x_wconf 91' lang='lat' dir='ltr'>ab</span> <span class='ocrx_word' id='word_1_192' title='bbox 950 3140 1019 3226; x_wconf 92' lang='lat' dir='ltr'>ipso</span> <span class='ocrx_word' id='word_1_193' title='bbox 1040 3136 1168 3204; x_wconf 88' lang='lat' dir='ltr'>laudato</span> <span class='ocrx_word' id='word_1_194' title='bbox 1185 3156 1317 3204; x_wconf 89' lang='lat' dir='ltr'>auctore</span> 
     </span>
     <span class='ocr_line' id='line_1_26' title="bbox 152 3252 1317 3346; baseline -0.003 -23"><span class='ocrx_word' id='word_1_195' title='bbox 152 3274 299 3344; x_wconf 84' lang='lat' dir='ltr'>acceptae</span> <span class='ocrx_word' id='word_1_196' title='bbox 316 3281 333 3323; x_wconf 93' lang='lat' dir='ltr'>e</span> <span class='ocrx_word' id='word_1_197' title='bbox 349 3259 447 3346; x_wconf 90' lang='lat' dir='ltr'>stirpe</span> <span class='ocrx_word' id='word_1_198' title='bbox 464 3281 491 3325; x_wconf 93' lang='lat' dir='ltr'>e.</span> <span class='ocrx_word' id='word_1_199' title='bbox 505 3279 552 3344; x_wconf 89' lang='lat' dir='ltr'>gr.</span> <span class='ocrx_word' id='word_1_200' title='bbox 565 3257 693 3343; x_wconf 82' lang='lat' dir='ltr'>Agarici</span> <span class='ocrx_word' id='word_1_201' title='bbox 710 3257 803 3322; x_wconf 88' lang='lat' dir='ltr'>terrei</span> <span class='ocrx_word' id='word_1_202' title='bbox 820 3256 908 3322; x_wconf 85' lang='lat' dir='ltr'>Sow.</span> <span class='ocrx_word' id='word_1_203' title='bbox 922 3272 953 3320; x_wconf 89' lang='lat' dir='ltr'>et</span> <span class='ocrx_word' id='word_1_204' title='bbox 966 3256 1027 3341; x_wconf 87' lang='lat' dir='ltr'>Ag.</span> <span class='ocrx_word' id='word_1_205' title='bbox 1045 3252 1211 3320; x_wconf 83' lang='lat' dir='ltr'>melaleuci</span> <span class='ocrx_word' id='word_1_206' title='bbox 1228 3254 1317 3320; x_wconf 87' lang='lat' dir='ltr'>Pers.</span> 
     </span>
    </p>
   </div>
   <div class='ocr_carea' id='block_1_3' title="bbox 488 3508 987 3595">
    <p class='ocr_par' dir='ltr' id='par_1_5' title="bbox 488 3508 987 3595">
     <span class='ocr_line' id='line_1_27' title="bbox 488 3508 987 3595; baseline -0.004 -19"><span class='ocrx_word' id='word_1_207' title='bbox 488 3531 540 3595; x_wconf 91' lang='lat'>41.</span> <span class='ocrx_word' id='word_1_208' title='bbox 566 3508 747 3576; x_wconf 75' lang='lat' dir='ltr'>Oneuarm</span> <span class='ocrx_word' id='word_1_209' title='bbox 771 3528 907 3574; x_wconf 76' lang='lat' dir='ltr'>uunrssa</span> <span class='ocrx_word' id='word_1_210' title='bbox 930 3508 987 3574; x_wconf 81' lang='lat' dir='ltr'>Fu.</span> 
     </span>
    </p>
   </div>
   <div class='ocr_carea' id='block_1_4' title="bbox 131 3648 1281 3880">
    <p class='ocr_par' dir='ltr' id='par_1_6' title="bbox 131 3648 1281 3880">
     <span class='ocr_line' id='line_1_28' title="bbox 131 3648 1281 3766; baseline -0.003 -21"><span class='ocrx_word' id='word_1_211' title='bbox 131 3648 134 3653; x_wconf 16' lang='lat'><em>¹</em></span> <span class='ocrx_word' id='word_1_212' title='bbox 183 3678 281 3766; x_wconf 80' lang='lat' dir='ltr'>&#39;Syst</span> <span class='ocrx_word' id='word_1_213' title='bbox 322 3679 407 3765; x_wconf 91' lang='lat' dir='ltr'>Myc.</span> <span class='ocrx_word' id='word_1_214' title='bbox 447 3678 461 3744; x_wconf 94' lang='grc' dir='ltr'>Ι</span> <span class='ocrx_word' id='word_1_215' title='bbox 502 3701 530 3764; x_wconf 92' lang='lat' dir='ltr'>p.</span> <span class='ocrx_word' id='word_1_216' title='bbox 575 3696 646 3762; x_wconf 83' lang='lat'>157.</span> <span class='ocrx_word' id='word_1_217' title='bbox 686 3676 794 3763; x_wconf 87' lang='lat' dir='ltr'>Ejusd.</span> <span class='ocrx_word' id='word_1_218' title='bbox 835 3677 933 3763; x_wconf 90' lang='lat' dir='ltr'>Hym.</span> <span class='ocrx_word' id='word_1_219' title='bbox 974 3675 1092 3764; x_wconf 89' lang='lat' dir='ltr'>Europ.</span> <span class='ocrx_word' id='word_1_220' title='bbox 1134 3699 1164 3764; x_wconf 92' lang='lat' dir='ltr'>p.</span> <span class='ocrx_word' id='word_1_221' title='bbox 1210 3676 1281 3742; x_wconf 88' lang='lat'>160.</span> 
     </span>
     <span class='ocr_line' id='line_1_29' title="bbox 225 3790 1252 3880; baseline -0.003 -20"><span class='ocrx_word' id='word_1_222' title='bbox 225 3795 383 3880; x_wconf 85' lang='lat' dir='ltr'>Agaticus</span> <span class='ocrx_word' id='word_1_223' title='bbox 411 3792 542 3859; x_wconf 89' lang='lat' dir='ltr'>tricolor</span> <span class='ocrx_word' id='word_1_224' title='bbox 566 3792 650 3858; x_wconf 90' lang='lat' dir='ltr'>Sect.</span> <span class='ocrx_word' id='word_1_225' title='bbox 677 3818 706 3859; x_wconf 91' lang='lat' dir='ltr'>n.</span> <span class='ocrx_word' id='word_1_226' title='bbox 736 3793 832 3878; x_wconf 82' lang='lat'>1023!</span> <span class='ocrx_word' id='word_1_227' title='bbox 859 3791 940 3859; x_wconf 91' lang='lat' dir='ltr'>Tab.</span> <span class='ocrx_word' id='word_1_228' title='bbox 966 3816 996 3858; x_wconf 92' lang='lat' dir='ltr'>n.</span> <span class='ocrx_word' id='word_1_229' title='bbox 1021 3793 1152 3859; x_wconf 91' lang='lat' dir='ltr'>XXXV</span> <span class='ocrx_word' id='word_1_230' title='bbox 1175 3790 1195 3858; x_wconf 86' lang='lat' dir='ltr'>f.</span> <span class='ocrx_word' id='word_1_231' title='bbox 1225 3813 1252 3858; x_wconf 87' lang='lat'>1.</span> 
     </span>
    </p>
   </div>
   <div class='ocr_carea' id='block_1_5' title="bbox 158 3944 1324 4272">
    <p class='ocr_par' dir='ltr' id='par_1_7' title="bbox 158 3944 1324 4272">
     <span class='ocr_line' id='line_1_30' title="bbox 248 3944 1321 4033; baseline -0.005 -17"><span class='ocrx_word' id='word_1_232' title='bbox 248 3949 355 4016; x_wconf 90' lang='lat' dir='ltr'>Pileus</span> <span class='ocrx_word' id='word_1_233' title='bbox 393 3946 715 4015; x_wconf 88' lang='lat' dir='ltr'>submembranaceus</span> <span class='ocrx_word' id='word_1_234' title='bbox 753 3972 770 4014; x_wconf 92' lang='lat' dir='ltr'>e</span> <span class='ocrx_word' id='word_1_235' title='bbox 809 3970 955 4014; x_wconf 87' lang='lat' dir='ltr'>convexo</span> <span class='ocrx_word' id='word_1_236' title='bbox 996 3944 1321 4033; x_wconf 65' lang='lat' dir='ltr'>plano-umbilicum,</span> 
     </span>
     <span class='ocr_line' id='line_1_31' title="bbox 158 4061 1323 4154; baseline -0.002 -22"><span class='ocrx_word' id='word_1_237' title='bbox 158 4064 403 4154; x_wconf 86' lang='lat' dir='ltr'>hygrophanus,</span> <span class='ocrx_word' id='word_1_238' title='bbox 435 4089 452 4132; x_wconf 86' lang='lat' dir='ltr'>e</span> <span class='ocrx_word' id='word_1_239' title='bbox 481 4063 760 4132; x_wconf 82' lang='lat' dir='ltr'>fusco-rufescente</span> <span class='ocrx_word' id='word_1_240' title='bbox 792 4085 948 4130; x_wconf 82' lang='lat' dir='ltr'>cameove</span> <span class='ocrx_word' id='word_1_241' title='bbox 982 4064 1115 4150; x_wconf 85' lang='lat' dir='ltr'>griseus,</span> <span class='ocrx_word' id='word_1_242' title='bbox 1144 4061 1323 4130; x_wconf 86' lang='lat' dir='ltr'>subfloccu-</span> 
     </span>
     <span class='ocr_line' id='line_1_32' title="bbox 158 4176 1324 4272; baseline -0.002 -19"><span class='ocrx_word' id='word_1_243' title='bbox 158 4183 261 4268; x_wconf 88' lang='lat' dir='ltr'>iosus,</span> <span class='ocrx_word' id='word_1_244' title='bbox 297 4183 347 4251; x_wconf 92' lang='lat' dir='ltr'>vel</span> <span class='ocrx_word' id='word_1_245' title='bbox 387 4184 768 4272; x_wconf 88' lang='lat' dir='ltr'>pruinato-tomentosus,</span> <span class='ocrx_word' id='word_1_246' title='bbox 807 4182 918 4267; x_wconf 39' lang='lat' dir='ltr'>1-111l2</span> <span class='ocrx_word' id='word_1_247' title='bbox 950 4202 1010 4247; x_wconf 89' lang='lat' dir='ltr'>cm.</span> <span class='ocrx_word' id='word_1_248' title='bbox 1047 4177 1145 4261; x_wconf 89' lang='lat' dir='ltr'>latus;</span> <span class='ocrx_word' id='word_1_249' title='bbox 1180 4176 1324 4251; x_wconf 82' lang='lat' dir='ltr'>lamellae</span> 
     </span>
    </p>
   </div>
   <div class='ocr_carea' id='block_1_6' title="bbox 0 0 1568 4748">
    <p class='ocr_par' dir='ltr' id='par_1_8' title="bbox 0 0 1568 4748">
     <span class='ocr_line' id='line_1_33' title="bbox 0 0 1568 4748; baseline 0 0"><span class='ocrx_word' id='word_1_250' title='bbox 0 0 1568 4748; x_wconf 95' lang='lat' dir='ltr'> </span> 
     </span>
    </p>
   </div>
  </div>
 </body>
</html>
