3084 4748
289 1275 466 1340 REVISIO
492 1277 672 1340 CRITICA
698 1277 953 1341 SPECIERUM
977 1277 1010 1338 A
1034 1277 1100 1339 ΜΕ

217 1499 274 1561 ΙΝ
313 1451 430 1562 Hoc
469 1498 790 1563 voraturus
829 1499 1160 1564 surranum.

211 1933 257 1996 Cl.
282 1933 400 2016 Quelet
423 1939 453 1998 in
477 1958 535 1998 suo
560 1941 692 2018 egregio
717 1958 816 2020 opere
846 1958 930 1998 anno
956 1935 1175 2016 praeterlapso
1207 1935 1267 1996 sub

110 2050 203 2111 titulo
228 2049 243 2072 ''
267 2049 477 2114 Enclziridion
496 2047 681 2133 suitgerum
706 2055 739 2115 in
763 2053 893 2133 Europa
927 2051 1034 2113 media
1065 2061 1097 2112 et
1120 2062 1268 2131 praeser-

111 2167 169 2226 tim
194 2166 227 2226 t'n
257 2163 367 2227 Gallia
391 2167 568 2247 urgentium
594 2217 613 2246 ‚‚
639 2171 757 2244 aedito,
775 2171 1001 2242 recensionem,
1019 2170 1062 2228 uti
1088 2169 1131 2228 ita
1155 2167 1270 2239 dicam,

111 2283 253 2341 criticam
284 2283 460 2362 specierum
493 2305 512 2344 a
543 2304 594 2345 me
624 2286 781 2346 editarum
815 2286 965 2357 instituit,
997 2258 1069 2344 nam
1100 2282 1177 2343 alias
1209 2302 1268 2343 ccu

110 2394 322 2456 anthonomas
346 2398 374 2457 in
400 2418 458 2459 suo
483 2419 583 2479 opere
606 2403 785 2478 assumpsit,
811 2400 887 2460 alias
911 2399 951 2458 ad
977 2399 1112 2477 gradum
1134 2398 1267 2458 varicta-

109 2513 149 2570 tis
173 2512 310 2586 reduxit,
335 2512 411 2574 alias
440 2534 518 2576 vero
551 2536 683 2595 prorsus
717 2518 831 2576 omisit,
865 2514 974 2595 Quum
996 2534 1072 2575 vcro
1095 2513 1268 2576 clarissimo

112 2625 248 2689 Auctori
273 2628 384 2708 majori
409 2649 450 2690 ex
476 2639 568 2711 parte
597 2634 737 2703 assentiri
771 2651 939 2711 nequeam,
971 2631 1056 2691 haud
1080 2650 1269 2711 supervaca-

109 2764 204 2803 ncurn
229 2747 288 2805 erit
311 2743 364 2805 hic
388 2745 430 2806 de
454 2749 532 2807 meis
556 2749 690 2808 inventis
715 2747 755 2807 ab
780 2749 849 2828 ipso
880 2745 1033 2807 oblivioni
1059 2740 1200 2820 traditis,
1219 2744 1269 2807 vel

106 2859 148 2919 ad
173 2859 248 2919 alias
271 2863 394 2940 species
418 2860 531 2923 frustra
557 2864 660 2923 ductis
677 2863 796 2943 aliquid
814 2843 1017 2941 subjungere,
1036 2881 1076 2922 nc
1097 2859 1264 2939 Mycologi

107 2977 196 3053 operi
221 2975 352 3037 laudato
377 2979 507 3038 nimium
533 2977 732 3039 inhaerentes
748 2980 871 3058 species
887 2997 905 3055 a
923 2976 1053 3058 mejam
1078 2985 1163 3038 recte
1181 2997 1267 3037 com-

107 3090 261 3169 probatas
285 3093 455 3172 negligant,
480 3093 528 3154 vel
555 3097 683 3154 minoris
708 3095 859 3174 ponderis
886 3091 1037 3154 habeant.
1101 3170 1104 3176 Δ

207 3206 324 3268 Placita
354 3207 517 3269 illustrium
550 3209 713 3282 Virorum,
745 3211 799 3288 qui
832 3209 872 3269 dc
898 3229 931 3269 re
963 3209 1112 3270 butanica
1146 3209 1268 3288 optime

108 3320 253 3382 meruere
277 3343 422 3403 sequens,
446 3328 569 3403 species
592 3332 641 3385 tot
665 3327 798 3385 admitto
822 3333 902 3403 quot
927 3333 1000 3386 sunt
1025 3322 1147 3385 formae
1165 3324 1267 3385 diver·

106 3457 169 3510 sae,
194 3459 278 3518 quae
303 3437 425 3500 formae
448 3449 555 3501 tamen
581 3440 690 3520 quoad
715 3451 806 3501 notas
830 3439 1011 3501 essentiales
1039 3458 1168 3520 semper
1191 3459 1266 3500 con-

105 3563 226 3614 stantes
250 3574 318 3615 esse
343 3555 469 3627 debent,
495 3577 553 3616 nec
578 3558 729 3617 continuo
753 3555 973 3617 varationibus
1005 3555 1176 3616 obnoxiae.
1210 3553 1266 3615 Ad

106 3679 228 3730 rectum
254 3691 330 3731 vero
350 3670 506 3749 judicium
531 3672 572 3732 de
599 3670 772 3743 formarum
797 3673 973 3732 constantia
1005 3671 1063 3731 sibi
1097 3669 1265 3732 efforman·

106 3785 184 3845 ‹lum
210 3805 336 3846 necesse
361 3788 492 3847 omnino
517 3795 564 3846 est
589 3785 707 3847 formas
731 3787 843 3848 obvias
867 3786 984 3867 pluries
1009 3785 1190 3862 observare,
1213 3805 1267 3847 eas

105 3920 180 3960 cum
205 3899 353 3961 affinibus
378 3920 576 3981 comparare,
601 3910 632 3961 et
656 3902 785 3962 demum
810 3910 944 3974 tantum,
968 3901 1149 3962 constantia
1178 3920 1264 3962 com·

105 4023 206 4092 perta,
231 4017 260 4075 in
285 4016 408 4095 species
425 4016 571 4094 proprias
595 4018 725 4092 erigere.
744 4013 887 4095 Ideoque
911 4023 941 4075 et
960 4034 1141 4091 meosensu
1167 4034 1263 4095 quam

105 4130 247 4190 maxime
271 4129 419 4189 aberrant
444 4131 497 4207 qui
524 4126 659 4188 sormam
686 4106 826 4209 aliquam
859 4148 1013 4212 persaepe
1045 4131 1074 4191 in
1108 4151 1184 4203 uno,
1208 4138 1264 4192 aut
