3084 4748
649 236 826 317 a„23ss

143 397 303 473 lormibus
326 396 491 492 adpressis,
527 401 764 486 concoloribus,
800 404 961 492 eleganter
996 399 1185 493 variegatus
1219 418 1321 471 aetate

145 521 359 610 glabrescens,
382 517 517 603 albidus,
543 525 596 606 5·6
621 545 681 589 cm.
707 521 810 605 latus3
835 522 950 588 alveoli
973 523 1006 587 in
1031 522 1222 609 primissime
1245 543 1320 587 evo-

145 637 271 705 lutione
294 662 312 705 e
336 637 424 726 plicis
448 637 583 724 turgidis
607 637 740 719 obtusiS,
764 637 838 704 dein
863 661 879 703 e
904 635 1037 703 lamellis
1069 635 1165 704 dense
1197 655 1320 703 anasto-

146 754 347 821 mosantibus
370 753 508 836 formati,
533 754 612 821 bene
637 753 757 821 evoluti
782 753 933 842 profundi
956 755 1020 820 acie
1037 773 1127 820 acuta
1144 752 1321 820 fimbriato-

148 871 260 953 lacera,
284 895 301 938 e
326 870 726 957 rotundato-subexagonis
751 869 893 953 obovati,
917 868 1063 936 radiatim
1090 887 1121 935 et
1146 868 1320 936 circulatim

148 986 306 1075 dispositi,
330 987 475 1054 ochracei
499 986 548 1053 vel
573 986 867 1069 albidosrraminei,
890 1005 989 1053 aetate
1014 985 1139 1073 pallide,
1156 1005 1209 1053 aut
1233 985 1321 1053 colo-

146 1105 453 1192 rato-persistentes;
489 1104 586 1192 stipes
620 1103 765 1185 lateralis
801 1102 915 1184 brevis,
951 1101 1159 1191 subaequalis,
1183 1101 1319 1170 subcon-

148 1221 249 1302 color,
275 1219 434 1287 interdum
461 1221 525 1289 basi
554 1220 743 1303 fusceseens,
766 1223 820 1306 4-6
846 1243 923 1286 mm.
959 1220 1087 1306 longus,
1121 1202 1329 1308 crassusque.¹

145 1337 230 1404 Caro
256 1336 367 1404 albida.
390 1338 509 1425 Sporae
527 1338 682 1425 hyalinae,
698 1338 875 1423 elongatae,
893 1335 942 1403 vel
958 1334 1233 1418 clavato-falcatae,
1252 1359 1318 1402 uno

145 1454 242 1521 latere
266 1457 473 1537 aeliminatae,
502 1477 548 1541 1-3
576 1454 762 1541 guttulatae,
792 1475 887 1542 12-14
906 1478 938 1520 ><
964 1475 1018 1540 3-4
1040 1476 1175 1534 mmm.;
1200 1451 1319 1519 basidia

144 1570 265 1636 clavata
290 1590 332 1655 30
351 1593 383 1635 ><
402 1573 454 1656 6-7
480 1593 591 1636 mmm.

235 1686 539 1775 Hymenophorum,
570 1711 608 1752 ex
633 1686 749 1775 hyplris
772 1685 1161 1773 eylindraceo-undulatis,
1186 1685 1320 1752 ramosis

143 1805 375 1892 compositum,
390 1805 421 1869 in
439 1822 571 1869 tramam
588 1804 674 1891 pileo
688 1803 858 1870 similarent
876 1822 906 1869 et
924 1802 1129 1870 concolorem
1147 1800 1318 1869 descendit.

239 1920 326 1986 Vere
351 1921 382 1986 in
408 1938 598 1986 autumnum
624 1923 803 2008 persistens
829 1920 899 2001 Ala,
923 1922 955 1986 in
987 1923 1102 1986 vicinia
1126 1920 1231 2005 Regni
1263 1919 1321 1984 Ita-

145 2037 197 2103 lici
229 2036 463 2127 (Giovanella).
492 2037 542 2105 Ad
575 2057 705 2104 truncos
738 2037 920 2104 ranmlosve
951 2038 1035 2103 Mori
1067 2036 1155 2103 albae
1187 2036 1257 2102 Lin
1290 2053 1321 2101 et

144 2154 257 2221 Cerasi
282 2154 386 2220 acidae
412 2154 455 2221 ΡΙ.
481 2156 567 2222 Vett.

235 2271 316 2338 Obs.
343 2272 475 2356 Fungus
500 2289 608 2337 noster
632 2295 716 2338 cum.
743 2270 855 2360 Polyp.
881 2269 1041 2338 favoloide
1060 2272 1100 2339 D.
1120 2276 1151 2338 d
1168 2274 1235 2343 Par.
1254 2300 1322 2364 per·

144 2389 225 2457 fecte
249 2391 410 2477 congruit,
436 2390 481 2455 uti
505 2413 521 2455 e
546 2390 784 2476 comparatione
809 2390 1023 2476 speciminum
1049 2391 1081 2455 in
1116 2389 1152 2456 C.
1180 2390 1322 2459 Roume-
1400 2432 1402 2437 >

146 2529 254 2592 gnere.
282 2507 385 2593 Fung.
411 2505 492 2573 Gall.
517 2531 585 2573 exs:
612 2505 704 2572 Ceut.
730 2505 810 2571 XIX
841 2530 872 2573 n.
907 2506 989 2572 1806
1025 2505 1199 2589 editorum,
1228 2507 1320 2577 nobis

146 2625 227 2691 clare
252 2644 453 2713 perspectum
478 2623 557 2691 fuit:
594 2625 770 2709 Hexagona
805 2625 889 2690 mori
915 2624 995 2692 Poll.
1026 2649 1156 2714 quoque
1185 2626 1223 2693 ad
1246 2625 1320 2693 Fav.

146 2763 353 2828 europaeum,
388 2759 523 2828 proute
552 2740 699 2826 diagnosi
736 2759 845 2807 nostra
879 2740 1119 2809 evidentissime
1143 2761 1239 2830 patet,
1264 2742 1321 2810 du·

146 2858 253 2925 tenda.
279 2856 382 2923 Etiam
407 2857 443 2922 cl.
470 2856 553 2923 Prof.
571 2858 606 2925 P.
625 2859 663 2923 A.
683 2857 838 2925 Saccardo
856 2877 989 2924 testatur
1006 2859 1109 2949 (Myc.
1128 2860 1210 2926 Ven.
1229 2859 1319 2947 Spec.

146 2997 176 3061 p.
203 2973 261 3063 56)
285 2998 317 3040 se
341 2971 399 3039 sub
425 2974 599 3059 Hexagona
623 2976 707 3041 mori
731 2974 811 3040 Poll.
837 2976 968 3041 nomine
993 2977 1025 3041 in
1051 2975 1199 3043 herbario
1224 2975 1321 3042 Polli·

146 3093 243 3158 niano
267 3093 339 3158 Fau.
365 3114 559 3179 europaemn
585 3093 781 3158 Parentum
806 3093 975 3158 invenisse.
1001 3093 1183 3180 Specimina
1212 3110 1319 3158 nostra

147 3209 287 3294 insuper,
311 3230 391 3295 quae
415 3230 489 3273 cum
514 3206 747 3295 exemplaribus
778 3207 929 3292 genuinis
962 3207 1069 3273 Favoli
1095 3210 1244 3295 europaei
1268 3207 1319 3275 Fr.

146 3324 238 3391 editis
262 3328 294 3391 in
319 3326 387 3391 Sac.
413 3324 499 3411 Myc.
524 3325 606 3391 Ven
639 3348 669 3391 n.
696 3326 748 3405 28,
771 3342 803 3390 et
833 3323 930 3390 Ellis:
959 3323 1076 3392 North.
1109 3326 1183 3392 Am.
1216 3325 1319 3411 Fung.

147 3464 177 3507 n.
197 3444 260 3530 604
276 3441 368 3529 plane
392 3442 599 3523 conveniunt,
617 3443 755 3507 maxima
778 3465 817 3507 ex
841 3459 929 3528 parte
945 3440 982 3507 ad
1000 3463 1106 3508 ramos
1131 3441 1217 3508 Mori
1234 3439 1320 3507 albae

146 3561 177 3626 in
202 3558 345 3625 finitimis
362 3559 544 3646 provinciae
562 3559 758 3639 veronensis,
776 3557 830 3624 ubi
854 3557 970 3625 Pollini
988 3581 1078 3625 suam
1098 3559 1219 3644 Hexag.
1238 3559 1320 3624 mori

146 3678 277 3758 invenit,
301 3676 380 3743 lecta
404 3675 512 3758 fuere3
538 3676 621 3743 unde
647 3694 739 3742 notae
763 3698 876 3743 omnes
901 3677 1099 3757 intrinsecae,
1123 3677 1188 3742 sive
1206 3676 1321 3741 extrin-

146 3816 234 3858 secae
251 3794 396 3880 opinioni
423 3811 548 3858 nostrae
573 3789 678 3857 favent
702 3789 807 3878 quoad
825 3787 1020 3856 identitatem
1046 3790 1154 3857 Favoli
1171 3791 1321 3876 europaei

146 3911 196 3976 fr.
222 3932 294 3975 cum
320 3911 497 3996 Hexagona
522 3909 605 3974 mori
631 3905 722 3989 Poll,
747 3931 828 3996 quae
854 3926 1021 3996 propterea
1045 3931 1061 3974 e
1085 3907 1230 3994 catalogo
1254 3930 1322 3996 my-

145 4047 251 4096 cetum
276 4027 408 4095 delenda
433 4046 490 4095 est.
